<?xml version = "1.0" encoding = "UTF-8"?><OAI-PMH xmlns="http://www.openarchives.org/OAI/2.0/" xmlns:xsi="http://www.w3.org/2001/XMLSchema-instance" xsi:schemaLocation="http://www.openarchives.org/OAI/2.0/ http://www.openarchives.org/OAI/2.0/OAI-PMH.xsd"><ListRecords><record><header><identifier>aleph-publish:005269622</identifier></header><metadata><record xmlns="http://www.ddb.de/professionell/mabxml/mabxml-1.xsd"><leader>00388vM2.01200024------h</leader><controlfield tag="LDR">00388vM2.01200024------h</controlfield><controlfield tag="FMT">MH</controlfield><datafield tag="001" ind1="-" ind2="1"><subfield code="a">HT001247079</subfield></datafield><datafield tag="002" ind1="a" ind2="1"><subfield code="a">20000117</subfield></datafield><datafield tag="003" ind1="-" ind2="1"><subfield code="a">20120323</subfield></datafield><datafield tag="026" ind1="-" ind2="1"><subfield code="a">HBZHT001247079</subfield></datafield><controlfield tag="030">a|1uc||||||27</controlfield><datafield tag="036" ind1="a" ind2="1"><subfield code="a">DXDE</subfield></datafield><datafield tag="037" ind1="b" ind2="1"><subfield code="a">ger</subfield><subfield code="a">lat</subfield></datafield><controlfield tag="050">a|||||||||||||</controlfield><controlfield tag="052">r||||||||||||||</controlfield><datafield tag="070" ind1="-" ind2="1"><subfield code="a">468</subfield></datafield><datafield tag="070" ind1="b" ind2="1"><subfield code="a">82</subfield></datafield><datafield tag="080" ind1="-" ind2="1"><subfield code="a">60</subfield></datafield><datafield tag="200" ind1="-" ind2="1"><subfield code="k">Gesellschaft für Rheinische Geschichtskunde</subfield><subfield code="9">(DE-588)38980-8</subfield></datafield><datafield tag="331" ind1="a" ind2="1"><subfield code="a">Publikationen der Gesellschaft für Rheinische Geschichtskunde</subfield></datafield><datafield tag="405" ind1="-" ind2="1"><subfield code="a">1.1884 -</subfield></datafield><datafield tag="410" ind1="-" ind2="1"><subfield code="a">Bonn</subfield></datafield><datafield tag="412" ind1="-" ind2="1"><subfield code="a">Weber</subfield></datafield><datafield tag="425" ind1="b" ind2="1"><subfield code="a">1884</subfield></datafield><datafield tag="511" ind1="-" ind2="1"><subfield code="a">Verl.-Angabe wechselt</subfield></datafield><controlfield tag="SYS">005269622</controlfield><datafield tag="LOW" ind1="-" ind2="1"><subfield code="a">A0001</subfield></datafield><datafield tag="LOW" ind1="-" ind2="1"><subfield code="a">A5001</subfield></datafield><datafield tag="LOW" ind1="-" ind2="1"><subfield code="a">B0001</subfield></datafield><datafield tag="LOW" ind1="-" ind2="1"><subfield code="a">B1001</subfield></datafield><datafield tag="LOW" ind1="-" ind2="1"><subfield code="a">B2001</subfield></datafield><datafield tag="LOW" ind1="-" ind2="1"><subfield code="a">B3001</subfield></datafield><datafield tag="LOW" ind1="-" ind2="1"><subfield code="a">B4018</subfield></datafield><datafield tag="LOW" ind1="-" ind2="1"><subfield code="a">B4026</subfield></datafield><datafield tag="LOW" ind1="-" ind2="1"><subfield code="a">C0001</subfield></datafield><datafield tag="LOW" ind1="-" ind2="1"><subfield code="a">K0001</subfield></datafield><datafield tag="LOW" ind1="-" ind2="1"><subfield code="a">K5001</subfield></datafield><datafield tag="LOW" ind1="-" ind2="1"><subfield code="a">KM001</subfield></datafield><datafield tag="LOW" ind1="-" ind2="1"><subfield code="a">L0001</subfield></datafield><datafield tag="LOW" ind1="-" ind2="1"><subfield code="a">M0001</subfield></datafield><datafield tag="LOW" ind1="-" ind2="1"><subfield code="a">M1006</subfield></datafield><datafield tag="LOW" ind1="-" ind2="1"><subfield code="a">M1007</subfield></datafield><datafield tag="LOW" ind1="-" ind2="1"><subfield code="a">M1008</subfield></datafield><datafield tag="LOW" ind1="-" ind2="1"><subfield code="a">M1015</subfield></datafield><datafield tag="LOW" ind1="-" ind2="1"><subfield code="a">M1037</subfield></datafield><datafield tag="LOW" ind1="-" ind2="1"><subfield code="a">M1046</subfield></datafield><datafield tag="LOW" ind1="-" ind2="1"><subfield code="a">M1049</subfield></datafield><datafield tag="LOW" ind1="-" ind2="1"><subfield code="a">M1055</subfield></datafield><datafield tag="LOW" ind1="-" ind2="1"><subfield code="a">M1077</subfield></datafield><datafield tag="LOW" ind1="-" ind2="1"><subfield code="a">M1092</subfield></datafield><datafield tag="LOW" ind1="-" ind2="1"><subfield code="a">M1101</subfield></datafield><datafield tag="LOW" ind1="-" ind2="1"><subfield code="a">M1129</subfield></datafield><datafield tag="LOW" ind1="-" ind2="1"><subfield code="a">M1131</subfield></datafield><datafield tag="LOW" ind1="-" ind2="1"><subfield code="a">M1168</subfield></datafield><datafield tag="LOW" ind1="-" ind2="1"><subfield code="a">M1185</subfield></datafield><datafield tag="LOW" ind1="-" ind2="1"><subfield code="a">M1220</subfield></datafield><datafield tag="LOW" ind1="-" ind2="1"><subfield code="a">M1221</subfield></datafield><datafield tag="LOW" ind1="-" ind2="1"><subfield code="a">M1224</subfield></datafield><datafield tag="LOW" ind1="-" ind2="1"><subfield code="a">Q0001</subfield></datafield><datafield tag="LOW" ind1="-" ind2="1"><subfield code="a">Q1005</subfield></datafield><datafield tag="LOW" ind1="-" ind2="1"><subfield code="a">Q1016</subfield></datafield><datafield tag="LOW" ind1="-" ind2="1"><subfield code="a">Q1049</subfield></datafield><datafield tag="LOW" ind1="-" ind2="1"><subfield code="a">Q1064</subfield></datafield><datafield tag="LOW" ind1="-" ind2="1"><subfield code="a">Q1074</subfield></datafield><datafield tag="LOW" ind1="-" ind2="1"><subfield code="a">Q1105</subfield></datafield><datafield tag="LOW" ind1="-" ind2="1"><subfield code="a">Q1107</subfield></datafield><datafield tag="LOW" ind1="-" ind2="1"><subfield code="a">Q1142</subfield></datafield><datafield tag="LOW" ind1="-" ind2="1"><subfield code="a">Q1148</subfield></datafield><datafield tag="LOW" ind1="-" ind2="1"><subfield code="a">Q1149</subfield></datafield><datafield tag="LOW" ind1="-" ind2="1"><subfield code="a">Q1160</subfield></datafield><datafield tag="LOW" ind1="-" ind2="1"><subfield code="a">Q1163</subfield></datafield><datafield tag="LOW" ind1="-" ind2="1"><subfield code="a">R0001</subfield></datafield><datafield tag="LOW" ind1="-" ind2="1"><subfield code="a">R0002</subfield></datafield><datafield tag="LOW" ind1="-" ind2="1"><subfield code="a">R0003</subfield></datafield><datafield tag="LOW" ind1="-" ind2="1"><subfield code="a">U0001</subfield></datafield><datafield tag="LOW" ind1="-" ind2="1"><subfield code="a">V0001</subfield></datafield><datafield tag="LOW" ind1="-" ind2="1"><subfield code="a">Y9014</subfield></datafield><datafield tag="LOW" ind1="-" ind2="1"><subfield code="a">Y9053</subfield></datafield><datafield tag="LOW" ind1="-" ind2="1"><subfield code="a">Z9031</subfield></datafield><datafield tag="LOW" ind1="-" ind2="1"><subfield code="a">Z9032</subfield></datafield><datafield tag="LOW" ind1="-" ind2="1"><subfield code="a">Q1004</subfield></datafield><datafield tag="LOW" ind1="-" ind2="1"><subfield code="a">O9035</subfield></datafield><datafield tag="LOW" ind1="-" ind2="1"><subfield code="a">M1071</subfield></datafield><datafield tag="LOW" ind1="-" ind2="1"><subfield code="a">Q1146</subfield></datafield><datafield tag="LOW" ind1="-" ind2="1"><subfield code="a">M1075</subfield></datafield><datafield tag="LOW" ind1="-" ind2="1"><subfield code="a">M1127</subfield></datafield><datafield tag="LOW" ind1="-" ind2="1"><subfield code="a">Z9036</subfield></datafield><datafield tag="LOW" ind1="-" ind2="1"><subfield code="a">ED001</subfield></datafield><datafield tag="LOW" ind1="-" ind2="1"><subfield code="a">X6001</subfield></datafield><datafield tag="LOW" ind1="-" ind2="1"><subfield code="a">K6001</subfield></datafield><datafield tag="LOW" ind1="-" ind2="1"><subfield code="a">J5005</subfield></datafield><datafield tag="LOW" ind1="-" ind2="1"><subfield code="a">M1052</subfield></datafield><datafield tag="LOW" ind1="-" ind2="1"><subfield code="a">M1045</subfield></datafield><datafield tag="LOW" ind1="-" ind2="1"><subfield code="a">Q1070</subfield></datafield><datafield tag="LOW" ind1="-" ind2="1"><subfield code="a">Q1109</subfield></datafield><datafield tag="LOW" ind1="-" ind2="1"><subfield code="a">Q1151</subfield></datafield><datafield tag="LOW" ind1="-" ind2="1"><subfield code="a">Q1133</subfield></datafield><datafield tag="LOW" ind1="-" ind2="1"><subfield code="a">K1128</subfield></datafield><datafield tag="LOW" ind1="-" ind2="1"><subfield code="a">K1126</subfield></datafield><datafield tag="LOW" ind1="-" ind2="1"><subfield code="a">Q1062</subfield></datafield><datafield tag="LOW" ind1="-" ind2="1"><subfield code="a">B4007</subfield></datafield><datafield tag="LOW" ind1="-" ind2="1"><subfield code="a">K1131</subfield></datafield><datafield tag="LOW" ind1="-" ind2="1"><subfield code="a">K1103</subfield></datafield><datafield tag="LOW" ind1="-" ind2="1"><subfield code="a">B4055</subfield></datafield><datafield tag="LOW" ind1="-" ind2="1"><subfield code="a">K1125</subfield></datafield><datafield tag="088" ind1=" " ind2=" "><subfield code="a">Sol 1</subfield><subfield code="c">MA 112</subfield><subfield code="e">keine ILL</subfield></datafield><datafield tag="088" ind1=" " ind2=" "><subfield code="a">Tr 2</subfield><subfield code="b">M</subfield><subfield code="e">p/nur FL/F</subfield></datafield><datafield tag="088" ind1=" " ind2=" "><subfield code="a">121</subfield><subfield code="e">0B</subfield></datafield><datafield tag="088" ind1=" " ind2=" "><subfield code="a">Sie 5</subfield></datafield><datafield tag="088" ind1=" " ind2=" "><subfield code="a">5/82</subfield></datafield><datafield tag="088" ind1=" " ind2=" "><subfield code="a">52</subfield></datafield><datafield tag="088" ind1=" " ind2=" "><subfield code="a">107</subfield></datafield><datafield tag="088" ind1=" " ind2=" "><subfield code="a">294/18</subfield></datafield><datafield tag="088" ind1=" " ind2=" "><subfield code="a">6/210</subfield></datafield><datafield tag="088" ind1=" " ind2=" "><subfield code="a">5/99</subfield></datafield><datafield tag="088" ind1=" " ind2=" "><subfield code="a">5/7</subfield></datafield><datafield tag="088" ind1=" " ind2=" "><subfield code="a">5/39</subfield></datafield><datafield tag="088" ind1=" " ind2=" "><subfield code="a">Walb 1</subfield></datafield><datafield tag="088" ind1=" " ind2=" "><subfield code="a">6/139b</subfield></datafield><datafield tag="088" ind1=" " ind2=" "><subfield code="a">6/311</subfield></datafield><datafield tag="088" ind1=" " ind2=" "><subfield code="a">294/19</subfield></datafield><datafield tag="088" ind1=" " ind2=" "><subfield code="a">6/006</subfield></datafield><datafield tag="088" ind1=" " ind2=" "><subfield code="a">A 96</subfield></datafield><datafield tag="088" ind1=" " ind2=" "><subfield code="a">38</subfield></datafield><datafield tag="088" ind1=" " ind2=" "><subfield code="a">294</subfield></datafield><datafield tag="088" ind1=" " ind2=" "><subfield code="a">5/95</subfield></datafield><datafield tag="088" ind1=" " ind2=" "><subfield code="a">294/30</subfield></datafield><datafield tag="088" ind1=" " ind2=" "><subfield code="a">294/38</subfield></datafield><datafield tag="088" ind1=" " ind2=" "><subfield code="a">5/8</subfield></datafield><datafield tag="088" ind1=" " ind2=" "><subfield code="a">386</subfield></datafield><datafield tag="088" ind1=" " ind2=" "><subfield code="a">5/11</subfield></datafield><datafield tag="088" ind1=" " ind2=" "><subfield code="a">5/21</subfield></datafield><datafield tag="088" ind1=" " ind2=" "><subfield code="a">5/184</subfield></datafield><datafield tag="088" ind1=" " ind2=" "><subfield code="a">5/20</subfield></datafield><datafield tag="088" ind1=" " ind2=" "><subfield code="a">Brl 1</subfield></datafield><datafield tag="088" ind1=" " ind2=" "><subfield code="a">38/432</subfield></datafield><datafield tag="088" ind1=" " ind2=" "><subfield code="a">38/404</subfield></datafield><datafield tag="088" ind1=" " ind2=" "><subfield code="a">294/66</subfield></datafield><datafield tag="088" ind1=" " ind2=" "><subfield code="a">6/096</subfield></datafield><datafield tag="088" ind1=" " ind2=" "><subfield code="a">294/11</subfield></datafield><datafield tag="088" ind1=" " ind2=" "><subfield code="a">361</subfield></datafield><datafield tag="088" ind1=" " ind2=" "><subfield code="a">362</subfield></datafield><datafield tag="088" ind1=" " ind2=" "><subfield code="a">385</subfield></datafield><datafield tag="088" ind1=" " ind2=" "><subfield code="a">464</subfield></datafield><datafield tag="088" ind1=" " ind2=" "><subfield code="a">465</subfield></datafield><datafield tag="088" ind1=" " ind2=" "><subfield code="a">466</subfield></datafield><datafield tag="088" ind1=" " ind2=" "><subfield code="a">467</subfield></datafield><datafield tag="088" ind1=" " ind2=" "><subfield code="a">468</subfield></datafield><datafield tag="088" ind1=" " ind2=" "><subfield code="a">5</subfield></datafield><datafield tag="088" ind1=" " ind2=" "><subfield code="a">51</subfield></datafield><datafield tag="088" ind1=" " ind2=" "><subfield code="a">6</subfield></datafield><datafield tag="088" ind1=" " ind2=" "><subfield code="a">6/115</subfield></datafield><datafield tag="088" ind1=" " ind2=" "><subfield code="a">6/125</subfield></datafield><datafield tag="088" ind1=" " ind2=" "><subfield code="a">6/248</subfield></datafield><datafield tag="088" ind1=" " ind2=" "><subfield code="a">61</subfield></datafield><datafield tag="088" ind1=" " ind2=" "><subfield code="a">708</subfield></datafield><datafield tag="088" ind1=" " ind2=" "><subfield code="a">82</subfield></datafield><datafield tag="088" ind1=" " ind2=" "><subfield code="a">929</subfield></datafield><datafield tag="088" ind1=" " ind2=" "><subfield code="a">Kob 7</subfield></datafield><datafield tag="088" ind1=" " ind2=" "><subfield code="a">Zw 1</subfield></datafield><datafield tag="088" ind1=" " ind2=" "><subfield code="a">Lan 1</subfield></datafield><datafield tag="088" ind1=" " ind2=" "><subfield code="a">6/169</subfield></datafield><datafield tag="088" ind1=" " ind2=" "><subfield code="a">6/139a</subfield></datafield><datafield tag="088" ind1=" " ind2=" "><subfield code="a">832</subfield></datafield><datafield tag="088" ind1=" " ind2=" "><subfield code="a">38 M</subfield></datafield><datafield tag="088" ind1=" " ind2=" "><subfield code="a">290</subfield></datafield><datafield tag="088" ind1=" " ind2=" "><subfield code="a">6/097</subfield></datafield><datafield tag="088" ind1=" " ind2=" "><subfield code="a">6/186</subfield></datafield><datafield tag="088" ind1=" " ind2=" "><subfield code="a">6/250</subfield></datafield><datafield tag="088" ind1=" " ind2=" "><subfield code="a">5/13</subfield></datafield><datafield tag="088" ind1=" " ind2=" "><subfield code="a">6/290</subfield></datafield><datafield tag="088" ind1=" " ind2=" "><subfield code="a">5/198</subfield></datafield><datafield tag="088" ind1=" " ind2=" "><subfield code="a">5/34</subfield></datafield><datafield tag="088" ind1=" " ind2=" "><subfield code="a">5/79</subfield></datafield><datafield tag="088" ind1=" " ind2=" "><subfield code="a">6/021</subfield></datafield><datafield tag="088" ind1=" " ind2=" "><subfield code="a">6/337</subfield></datafield><datafield tag="088" ind1=" " ind2=" "><subfield code="a">6/007</subfield></datafield><datafield tag="088" ind1=" " ind2=" "><subfield code="a">294/39</subfield></datafield><datafield tag="088" ind1=" " ind2=" "><subfield code="a">6/052</subfield></datafield><datafield tag="088" ind1=" " ind2=" "><subfield code="a">1018</subfield></datafield><datafield tag="088" ind1=" " ind2=" "><subfield code="a">6/011</subfield></datafield><datafield tag="088" ind1=" " ind2=" "><subfield code="a">278</subfield></datafield><datafield tag="088" ind1=" " ind2=" "><subfield code="a">A 2</subfield></datafield><datafield tag="088" ind1=" " ind2=" "><subfield code="a">62</subfield></datafield><datafield tag="088" ind1=" " ind2=" "><subfield code="a">64</subfield></datafield><datafield tag="088" ind1=" " ind2=" "><subfield code="a">5/108</subfield></datafield><datafield tag="088" ind1=" " ind2=" "><subfield code="a">Dü 18</subfield></datafield><datafield tag="088" ind1=" " ind2=" "><subfield code="a">5/74</subfield></datafield><datafield tag="088" ind1=" " ind2=" "><subfield code="a">6/246</subfield></datafield><datafield tag="088" ind1=" " ind2=" "><subfield code="a">6/162</subfield></datafield><datafield tag="088" ind1=" " ind2=" "><subfield code="a">6/166</subfield></datafield><datafield tag="088" ind1=" " ind2=" "><subfield code="a">5/41</subfield></datafield><datafield tag="088" ind1=" " ind2=" "><subfield code="a">6/119</subfield></datafield><datafield tag="088" ind1=" " ind2=" "><subfield code="a">Kn 3</subfield></datafield><datafield tag="088" ind1=" " ind2=" "><subfield code="a">5/58</subfield></datafield><datafield tag="088" ind1=" " ind2=" "><subfield code="a">38/429</subfield></datafield><datafield tag="088" ind1=" " ind2=" "><subfield code="a">5/205</subfield></datafield><datafield tag="088" ind1=" " ind2=" "><subfield code="a">1156</subfield></datafield><datafield tag="088" ind1=" " ind2=" "><subfield code="a">Kn 28</subfield></datafield><datafield tag="088" ind1=" " ind2=" "><subfield code="a">38/427</subfield></datafield><datafield tag="088" ind1=" " ind2=" "><subfield code="a">38/426</subfield></datafield></record></metadata></record></ListRecords></OAI-PMH>